<record><leader>01717ccm a2200385 a 4500</leader><controlfield tag="001">1338222</controlfield><controlfield tag="008">901123s1985    fr sna         n    eng d</controlfield><datafield ind1=" " ind2=" " tag="010"><subfield code="a">   87751074 /M</subfield></datafield><datafield ind1="2" ind2="1" tag="028"><subfield code="a">MR 2036</subfield><subfield code="b">Musica Rara</subfield></datafield><datafield ind1=" " ind2=" " tag="035"><subfield code="a">ocm17326223</subfield></datafield><datafield ind1=" " ind2=" " tag="040"><subfield code="a">DLC</subfield><subfield code="b">eng</subfield><subfield code="c">DLC</subfield></datafield><datafield ind1=" " ind2=" " tag="048"><subfield code="a">wa02</subfield></datafield><datafield ind1=" " ind2=" " tag="048"><subfield code="a">wb02</subfield></datafield><datafield ind1=" " ind2=" " tag="048"><subfield code="a">wh02</subfield></datafield><datafield ind1=" " ind2=" " tag="049"><subfield code="a">AEU</subfield><subfield code="b">eng</subfield></datafield><datafield ind1="0" ind2="0" tag="050"><subfield code="a">M289</subfield><subfield code="b">.L</subfield></datafield><datafield ind1="0" ind2=" " tag="090"><subfield code="a">M 289 L825 S698 1985</subfield></datafield><datafield ind1="1" ind2=" " tag="100"><subfield code="a">L&#339;illet, Jacques,</subfield><subfield code="d">1685-1748.</subfield></datafield><datafield ind1="1" ind2="0" tag="240"><subfield code="a">Sonatas,</subfield><subfield code="m">flutes (2),</subfield><subfield code="n">op. 4</subfield></datafield><datafield ind1="0" ind2="0" tag="245"><subfield code="a">Six sonatas, op. 4 (Priestman XVI) for two flutes or oboes (recorders in C) without bass</subfield><subfield code="h">[music] /</subfield><subfield code="c">Jacques (Jacob Jean Baptiste) Loeillet ; editor, R.P. Block.</subfield></datafield><datafield ind1=" " ind2=" " tag="260"><subfield code="a">Monteux, France :</subfield><subfield code="b">Musica Rara,</subfield><subfield code="c">c1985.</subfield></datafield><datafield ind1=" " ind2=" " tag="300"><subfield code="a">1 score (31 p.) ;</subfield><subfield code="c">30 cm.</subfield></datafield><datafield ind1=" " ind2=" " tag="336"><subfield code="a">notated music</subfield><subfield code="b">ntm</subfield><subfield code="2">rdacontent</subfield></datafield><datafield ind1=" " ind2=" " tag="337"><subfield code="a">unmediated</subfield><subfield code="b">n</subfield><subfield code="2">rdamedia</subfield></datafield><datafield ind1="1" ind2=" " tag="490"><subfield code="a">Complete sonatas for winds by Jean-Baptiste Loeillet de Gant, John Loeillet of London, and Jacques (Jacob Jean-Baptiste) Loeillet.</subfield></datafield><datafield ind1=" " ind2=" " tag="500"><subfield code="a">Caption title.</subfield></datafield><datafield ind1=" " ind2=" " tag="500"><subfield code="a">Edited from the 1st ed. published: Paris : Roussel, ca. 1728.</subfield></datafield><datafield ind1="0" ind2=" " tag="505"><subfield code="a">Contents: No. 1 in G, op. 4/1 -- In D, op. 4/2 -- In B minor, op. 4/3 -- In A, op. 4/4 -- In G, op. 4/5 -- In E minor, op. 4/6.</subfield></datafield><datafield ind1=" " ind2=" " tag="596"><subfield code="a">43</subfield></datafield><datafield ind1=" " ind2="0" tag="650"><subfield code="a">Sonatas (Flutes (2))</subfield><subfield code="v">Scores.</subfield></datafield><datafield ind1=" " ind2="0" tag="650"><subfield code="a">Sonatas (Oboes (2))</subfield><subfield code="v">Scores.</subfield></datafield><datafield ind1=" " ind2="0" tag="650"><subfield code="a">Sonatas (Recorders (2))</subfield><subfield code="v">Scores.</subfield></datafield><datafield ind1="1" ind2=" " tag="700"><subfield code="a">Block, R. P.</subfield><subfield code="q">(Robert Paul)</subfield></datafield><datafield ind1=" " ind2="0" tag="830"><subfield code="a">Complete sonatas for winds by Jean-Baptiste Loeillet de Gant, John Loeillet of London, and Jacques (Jacob Jean-Baptiste) Loeillet.</subfield></datafield><datafield ind1=" " ind2=" " tag="926"><subfield code="a">M 289 L825 S698 1985</subfield><subfield code="w">LC</subfield><subfield code="c">1</subfield><subfield code="i">000035018514</subfield><subfield code="d">9/27/2011</subfield><subfield code="e">9/23/2011</subfield><subfield code="l">MUSIC</subfield><subfield code="m">UAHSS</subfield><subfield code="n">19</subfield><subfield code="p">$150.00</subfield><subfield code="r">Y</subfield><subfield code="s">Y</subfield><subfield code="t">MUSICSCORE</subfield><subfield code="u">11/27/1990</subfield></datafield></record>